
@inproceedings{CJI10,
    author = {Kaichun K. Chang and Jyh-shing Roger Jang and Costas S. Iliopoulos},
    title = {Iliopoulos: “Music genre classification via compressive sampling},
    booktitle = {Proceedings of the 11th International Conference on Music Information Retrieval (ISMIR},
    year = {2010},
    pages = {387--392}
}

@misc{WellingNote,
  author       = {Max Welling}, 
  title        = {Fisher Linear Discriminant Analysis},
  howpublished = {unpublished note},
}

@conference{ERLGRR,
		title = {Application of Fisher Linear Discriminant Analysis to Speech/Music Classification},
		author = {Alexandre, Enrique and Cuadra-Rodríguez, Lucas and Gil-Pita, Roberto and Rosa-Zurera, Manuel},
		booktitle = {Audio Engineering Society Convention 120},
		month = {May},
		year = {2006},
		url = {http://www.aes.org/e-lib/browse.cfm?elib=13482}
}
@misc{tensorflow2015-whitepaper,
title={{TensorFlow}: Large-Scale Machine Learning on Heterogeneous Systems},
url={http://tensorflow.org/},
note={Software available from tensorflow.org},
author={
    Mart\'{\i}n~Abadi and
    Ashish~Agarwal and
    Paul~Barham and
    Eugene~Brevdo and
    Zhifeng~Chen and
    Craig~Citro and
    Greg~S.~Corrado and
    Andy~Davis and
    Jeffrey~Dean and
    Matthieu~Devin and
    Sanjay~Ghemawat and
    Ian~Goodfellow and
    Andrew~Harp and
    Geoffrey~Irving and
    Michael~Isard and
    Yangqing Jia and
    Rafal~Jozefowicz and
    Lukasz~Kaiser and
    Manjunath~Kudlur and
    Josh~Levenberg and
    Dan~Man\'{e} and
    Rajat~Monga and
    Sherry~Moore and
    Derek~Murray and
    Chris~Olah and
    Mike~Schuster and
    Jonathon~Shlens and
    Benoit~Steiner and
    Ilya~Sutskever and
    Kunal~Talwar and
    Paul~Tucker and
    Vincent~Vanhoucke and
    Vijay~Vasudevan and
    Fernanda~Vi\'{e}gas and
    Oriol~Vinyals and
    Pete~Warden and
    Martin~Wattenberg and
    Martin~Wicke and
    Yuan~Yu and
    Xiaoqiang~Zheng},
  year={2015},
}

@misc{vox,
title={(unpublished) COS513 Final Report: Genre Classification},
note={report reviewed by paper author},
author={The VoxStudy Group: T.~Brundage, G.~Gliner, Z.~Jin, K~Wolf},
  year={2015},
}